<record><leader>00000cas a22000007a 4500</leader><controlfield tag="001">32614927</controlfield><controlfield tag="008">950608d187u1874iauwr ne      0    0eng d</controlfield><datafield ind1=" " ind2=" " tag="010"><subfield code="a">sn 95068812 </subfield></datafield><datafield ind1=" " ind2=" " tag="040"><subfield code="a">MGN</subfield><subfield code="b">eng</subfield><subfield code="c">MGN</subfield><subfield code="d">OCLCQ</subfield></datafield><datafield ind1=" " ind2=" " tag="042"><subfield code="a">msc</subfield></datafield><datafield ind1="0" ind2="4" tag="245"><subfield code="a">The Linn County liberal.</subfield></datafield><datafield ind1=" " ind2=" " tag="260"><subfield code="a">Marion, Iowa :</subfield><subfield code="b">James T. Simkins</subfield></datafield><datafield ind1=" " ind2=" " tag="300"><subfield code="a">v.</subfield></datafield><datafield ind1=" " ind2=" " tag="310"><subfield code="a">Weekly</subfield></datafield><datafield ind1="1" ind2=" " tag="362"><subfield code="a">Ceased in 1874?</subfield></datafield><datafield ind1=" " ind2=" " tag="588"><subfield code="a">Description based on: Vol. 7, no. 32 (Aug. 5, 1874).</subfield></datafield><datafield ind1=" " ind2=" " tag="752"><subfield code="a">United States</subfield><subfield code="b">Iowa</subfield><subfield code="c">Linn</subfield><subfield code="d">Marion.</subfield></datafield><datafield ind1="0" ind2="0" tag="780"><subfield code="t">Linn County signal</subfield><subfield code="w">(DLC)sn 85049724</subfield></datafield><datafield ind1="0" ind2="0" tag="785"><subfield code="t">Standard (Cedar Rapids, Iowa)</subfield><subfield code="w">(DLC)sn 84024495</subfield></datafield></record>